<record><leader>00000cas a2200000 a 4500</leader><controlfield tag="001">12283067</controlfield><controlfield tag="008">850719d18951929ksuwr ne      0    0eng d</controlfield><datafield ind1=" " ind2=" " tag="010"><subfield code="a">sn 85030739 </subfield></datafield><datafield ind1=" " ind2=" " tag="040"><subfield code="a">KSH</subfield><subfield code="b">eng</subfield><subfield code="c">KSH</subfield><subfield code="d">NPT</subfield><subfield code="d">OCL</subfield><subfield code="d">OCLCQ</subfield></datafield><datafield ind1=" " ind2=" " tag="042"><subfield code="a">msc</subfield></datafield><datafield ind1="0" ind2="4" tag="245"><subfield code="a">The Turon weekly press.</subfield></datafield><datafield ind1=" " ind2=" " tag="260"><subfield code="a">Turon, Kan. :</subfield><subfield code="b">T.G. Elbury,</subfield><subfield code="c">1895-1929.</subfield></datafield><datafield ind1=" " ind2=" " tag="300"><subfield code="a">35 v. :</subfield><subfield code="b">ill. ;</subfield><subfield code="c">50-60 cm.</subfield></datafield><datafield ind1=" " ind2=" " tag="310"><subfield code="a">Weekly</subfield></datafield><datafield ind1="0" ind2=" " tag="362"><subfield code="a">Vol. 2, no. 9 (Apr. 4, 1895)-v. 36, no. 43 (Dec. 12, 1929).</subfield></datafield><datafield ind1=" " ind2=" " tag="500"><subfield code="a">Published by: W.B. Ream, Mar. 16, 1911-&lt;Oct. 2, 1913&gt;; B.S. Edwards, &lt;Oct. 23, 1913&gt;-Sept. 30, 1915; Robert T. Specht, Jr., Oct. 7, 1915-Dec. 12, 1929.</subfield></datafield><datafield ind1=" " ind2=" " tag="752"><subfield code="a">United States</subfield><subfield code="b">Kansas</subfield><subfield code="c">Reno</subfield><subfield code="d">Turon.</subfield></datafield><datafield ind1="0" ind2="0" tag="780"><subfield code="t">Pretty Prairie press</subfield><subfield code="w">(DLC)sn 85030738</subfield></datafield><datafield ind1="0" ind2="0" tag="785"><subfield code="t">Turon press</subfield><subfield code="w">(DLC)sn 85030740</subfield></datafield></record>